<?xml version="1.0" encoding="UTF-8"?><collection xmlns="http://www.loc.gov/MARC21/slim"><record><leader>00414nam--2200145-i-4500</leader><controlfield tag="001">000011935</controlfield><controlfield tag="002">20161230</controlfield><controlfield tag="005">20161230201029</controlfield><controlfield tag="008">060222s1000------------r-----000-0-eng-d</controlfield><datafield ind1=" " ind2=" " tag="080"><subfield code="a">65.012</subfield></datafield><datafield ind1=" " ind2=" " tag="100"><subfield code="a">Bolesch, Eduard</subfield></datafield><datafield ind1=" " ind2=" " tag="245"><subfield code="a">Progrese in organizarea locului de munca</subfield></datafield><datafield ind1=" " ind2=" " tag="260"><subfield code="a">Bucuresti, Inst. Nat. De Informare Si Document Are, 1977. 104 P</subfield></datafield><datafield ind1=" " ind2=" " tag="490"><subfield code="a">Progrese In Stiiinta Si Tehnologie</subfield></datafield><datafield ind1=" " ind2=" " tag="852"><subfield code="a">44200</subfield></datafield></record></collection>